%% bibtex file
%% $Id$
%%
%% For references
%%
%% Pat Baumgardner, Adam Dachenhausen, Shah Syed
%%

@TechReport{dell,
  author = 	 {Vamsee Kasavajhala},
  title = 	 {Solid State Drive vs. Hard Disk Drive Price and Performance Study},
  institution =  {Dell PowerVault Storage Systems},
  year = 	 {2011}
}

@Misc{howStuffWorks,
  author = 	 {Jeff Tyson},
  title = 	 {How Computer Memory Works},
  howpublished = {HowStuffWorks.com},
  month = 	 {August},
  year = 	 {2000}
}

@unknown{memMan,
author = {Umoh, Glory},
year = {2014},
month = {12},
pages = {},
title = {MEMORY MANAGEMENT IN COMPUTER SYSTEM}
}

@TechReport{WD,
  author = 	 {Western Digital},
  title = 	 {Western Digital Data Sheet},
  year = 	 {2019},
  month = 	 {February}
}

@TechReport{memSpeed,
  author = 	 {Micron},
  title = 	 {Differences in Memory Speed and Data Rate},
  institution =  {Micron},
  year = 	 {2019}
}


@Misc{memVhdd,
  author = 	 {Christine Taylor},
  title = 	 {Memory vs. Storage},
  howpublished = {Enterprise Storage},
  month = 	 {June},
  year = 	 {2019}
}

@Misc{pRAM,
  title = 	 {Parallel RAM},
  howpublished = {Wikipedia}
}

@Misc{cpuCache,
  title =  {CPU cache},
  howpublished = {Wikipedia}
}
